<record><leader>00000cas a22000007a 4500</leader><controlfield tag="001">15728710</controlfield><controlfield tag="008">870523d18801885iauwr ne      0    0eng d</controlfield><datafield ind1=" " ind2=" " tag="010"><subfield code="a">sn 87057425 </subfield></datafield><datafield ind1=" " ind2=" " tag="040"><subfield code="a">INP</subfield><subfield code="b">eng</subfield><subfield code="c">INP</subfield><subfield code="d">OCLCQ</subfield></datafield><datafield ind1=" " ind2=" " tag="042"><subfield code="a">msc</subfield></datafield><datafield ind1="0" ind2=" " tag="130"><subfield code="a">Perry pilot (Perry, Iowa : 1880)</subfield></datafield><datafield ind1="1" ind2="4" tag="245"><subfield code="a">The Perry pilot.</subfield></datafield><datafield ind1=" " ind2=" " tag="260"><subfield code="a">Perry, Iowa :</subfield><subfield code="b">E.D. Lunt</subfield></datafield><datafield ind1=" " ind2=" " tag="300"><subfield code="a">v.</subfield></datafield><datafield ind1=" " ind2=" " tag="310"><subfield code="a">Weekly</subfield></datafield><datafield ind1="1" ind2=" " tag="362"><subfield code="a">Issued 1880-1885.</subfield></datafield><datafield ind1=" " ind2=" " tag="500"><subfield code="a">Publisher varies.</subfield></datafield><datafield ind1=" " ind2=" " tag="588"><subfield code="a">Description based on: Vol. 2, no. 34 (Aug. 16, 1882).</subfield></datafield><datafield ind1=" " ind2=" " tag="752"><subfield code="a">United States</subfield><subfield code="b">Iowa</subfield><subfield code="c">Dallas</subfield><subfield code="d">Perry.</subfield></datafield><datafield ind1="0" ind2="7" tag="785"><subfield code="t">Perry chief (Perry, Iowa : 1874)</subfield><subfield code="w">(DLC)sn 84038392</subfield></datafield><datafield ind1="0" ind2="7" tag="785"><subfield code="t">Perry chief and Perry pilot</subfield><subfield code="w">(DLC)sn 87057039</subfield></datafield></record>